<?xml version="1.0" encoding="UTF-8"?><record xmlns="http://www.loc.gov/MARC21/slim" xmlns:cinclude="http://apache.org/cocoon/include/1.0" xmlns:zs="http://www.loc.gov/zing/srw/">
  <leader>00420nz  a2200145n  4500</leader>
  <controlfield tag="001">no 00054451 </controlfield>
  <controlfield tag="003">DLC</controlfield>
  <controlfield tag="005">20000801064049.0</controlfield>
  <controlfield tag="008">000731n| acannaabn          |a ana     c</controlfield>
  <datafield tag="010" ind1=" " ind2=" ">
    <subfield code="a">no 00054451 </subfield>
  </datafield>
  <datafield tag="035" ind1=" " ind2=" ">
    <subfield code="a">(OCoLC)oca05271393</subfield>
  </datafield>
  <datafield tag="040" ind1=" " ind2=" ">
    <subfield code="a">OOxM-Mu</subfield>
    <subfield code="b">eng</subfield>
    <subfield code="c">OOxM-Mu</subfield>
  </datafield>
  <datafield tag="110" ind1="2" ind2=" ">
    <subfield code="a">Purcell Simfony.</subfield>
    <subfield code="b">Voices</subfield>
  </datafield>
  <datafield tag="410" ind1="2" ind2=" ">
    <subfield code="a">Purcell Simfony Voices</subfield>
  </datafield>
  <datafield tag="670" ind1=" " ind2=" ">
    <subfield code="a">Purcell, H. The Indian queen [SR] p1995:</subfield>
    <subfield code="b">label (Purcell Simfony Voices)</subfield>
  </datafield>
</record>